{"path_per_floor":["M","M","?","$","?","E","R","M","T","M","?","E","M","M","R","B",null,"M","?","?","?","M","M","M","R","T","M","$","R","M","M","R"],"character_chosen":"IRONCLAD","items_purchased":["Flash of Steel","Inflame","Vajra","Flex"],"gold_per_floor":[117,127,127,37,37,65,65,78,132,143,143,172,190,210,210,307,307,320,320,320,243,262,276,287,287,287,299,20,20,35,47,47,47],"floor_reached":33,"campfire_rested":3,"playtime":1762,"current_hp_per_floor":[80,80,80,80,80,47,47,50,50,56,40,46,42,43,67,60,80,64,64,64,64,52,43,27,51,51,48,48,48,23,26,50,0],"items_purged":[],"gold":47,"score":336,"play_id":"51d6b221-1a21-4aa9-ba2e-fc4f9c08f553","local_time":"20180515022424","is_prod":false,"is_daily":false,"chose_seed":false,"is_ascension_mode":false,"campfire_upgraded":2,"timestamp":1526329464,"path_taken":["M","M","?","?","?","E","R","M","T","?","?","E","?","?","R","BOSS","M","?","?","?","?","M","M","R","T","M","?","R","?","M","R","BOSS"],"build_version":"2018-05-10","seed_source_timestamp":363983648758658,"purchased_purges":0,"victory":false,"master_deck":["Strike_R","Strike_R","Strike_R","Strike_R","Strike_R","Defend_R+1","Defend_R+1","Defend_R","Defend_R","Bash","Twin Strike+1","Flash of Steel","Panacea","Thunderclap","Headbutt+1","Thunderclap","Inflame","Flex","Blood for Blood","Headbutt","Bludgeon","Pummel","Flex","Shrug It Off","Armaments","Inflame","Pommel Strike","J.A.X.+1","Twin Strike+1","Anger+1","Flex","Carnage","Pummel","Inflame","Flex","Carnage","Flex","Inflame"],"max_hp_per_floor":[80,80,80,80,80,80,80,80,80,80,80,80,80,80,80,80,80,80,80,80,80,80,80,80,80,80,80,80,80,80,80,80,80],"relics":["Burning Blood","Orichalcum","Dream Catcher","Ancient Tea Set","Orrery","Bottled Lightning","Vajra"],"card_choices":[{"not_picked":["Perfected Strike","Clothesline"],"picked":"Twin Strike","floor":1},{"not_picked":["Burning Pact","Feel No Pain"],"picked":"Shrug It Off","floor":2},{"not_picked":["Rage","Body Slam"],"picked":"Thunderclap","floor":6},{"not_picked":["Pommel Strike","Entrench"],"picked":"Headbutt","floor":8},{"not_picked":["Ghostly Armor","Second Wind"],"picked":"Thunderclap","floor":10},{"not_picked":["Hemokinesis","Sever Soul"],"picked":"Inflame","floor":12},{"not_picked":["Perfected Strike","Second Wind"],"picked":"Flex","floor":13},{"not_picked":["Fiend Fire","Rupture"],"picked":"Blood for Blood","floor":14},{"not_picked":["Clothesline","Iron Wave"],"picked":"Headbutt","floor":15},{"not_picked":["Brutality","Impervious"],"picked":"Bludgeon","floor":16},{"not_picked":["Shrug It Off","Hemokinesis"],"picked":"Pummel","floor":17},{"not_picked":["Perfected Strike","Feel No Pain"],"picked":"Flex","floor":17},{"not_picked":["Corruption","Shockwave"],"picked":"Shrug It Off","floor":17},{"not_picked":["Clash","Iron Wave"],"picked":"Armaments","floor":17},{"not_picked":["Seeing Red","Infernal Blade"],"picked":"Inflame","floor":17},{"not_picked":["Combust","Power Through"],"picked":"Pommel Strike","floor":18},{"not_picked":["Cleave","True Grit"],"picked":"Twin Strike","floor":22},{"not_picked":["Fiend Fire","Combust"],"picked":"Anger","floor":23},{"not_picked":["Cleave","Clothesline"],"picked":"Flex","floor":24},{"not_picked":["Clash","True Grit"],"picked":"Carnage","floor":25},{"not_picked":["Sever Soul","Armaments"],"picked":"Pummel","floor":27},{"not_picked":["Thunderclap","Body Slam"],"picked":"Carnage","floor":30},{"not_picked":["Shockwave","Blood for Blood"],"picked":"Flex","floor":31},{"not_picked":["Disarm","Iron Wave"],"picked":"Inflame","floor":32}],"player_experience":6046,"potions_floor_usage":[12,18,27,30,31],"damage_taken":[{"damage":6,"enemies":"Jaw Worm","floor":1,"turns":3},{"damage":1,"enemies":"Cultist","floor":2,"turns":3},{"damage":39,"enemies":"Lagavulin","floor":6,"turns":7},{"damage":3,"enemies":"Small Slimes","floor":8,"turns":3},{"damage":0,"enemies":"2 Fungi Beasts","floor":10,"turns":2},{"damage":12,"enemies":"3 Sentries","floor":12,"turns":6},{"damage":10,"enemies":"Large Slime","floor":13,"turns":4},{"damage":5,"enemies":"Red Slaver","floor":14,"turns":2},{"damage":13,"enemies":"Slime Boss","floor":16,"turns":7},{"damage":22,"enemies":"3 Byrds","floor":18,"turns":5},{"damage":18,"enemies":"Spheric Guardian","floor":22,"turns":4},{"damage":15,"enemies":"Snake Plant","floor":23,"turns":3},{"damage":22,"enemies":"Sentry and Sphere","floor":24,"turns":5},{"damage":9,"enemies":"3 Cultists","floor":27,"turns":5},{"damage":31,"enemies":"Slaver and Parasite","floor":30,"turns":4},{"damage":3,"enemies":"Snecko","floor":31,"turns":3},{"damage":79,"enemies":"Automaton","floor":33,"turns":6}],"event_choices":[{"event_name":"Bonfire Elementals","player_choice":"COMMON","floor":3,"damage_taken":0},{"event_name":"Match and Keep!","player_choice":"1 cards matched","floor":5,"damage_taken":0},{"event_name":"Shining Light","player_choice":"Entered Light","floor":11,"damage_taken":0},{"event_name":"Ghosts","player_choice":"Ignored","floor":19,"damage_taken":0},{"event_name":"Vampires","player_choice":"Ignored","floor":20,"damage_taken":0},{"event_name":"Drug Dealer","player_choice":"Got JAXXED","floor":21,"damage_taken":0}],"boss_relics":[{"not_picked":["Ectoplasm","Runic Pyramid"],"picked":"Orrery"}],"potions_floor_spawned":[8,10,13,16,22,30],"seed_played":"-1738464085715801226","killed_by":"Automaton","ascension_level":0,"is_trial":false}