{"gold_per_floor":[112,124,124,136,311,311,330,330,330,330,163,182,257,277,277,374,424,438,438,438,138,126,126,141,158,158,6,6,6,18,31,31,31],"floor_reached":33,"playtime":2212,"items_purged":["Doubt"],"score":239,"play_id":"dfc438ec-96a3-47f9-986c-5e2f0c1821d7","local_time":"20190721154903","is_ascension_mode":false,"campfire_choices":[{"data":"Defend_R","floor":6,"key":"SMITH"},{"data":"Cleave","floor":8,"key":"SMITH"},{"data":"Ghostly Armor","floor":15,"key":"SMITH"},{"data":"Body Slam","floor":23,"key":"SMITH"},{"floor":28,"key":"REST"},{"floor":32,"key":"REST"}],"neow_cost":"NONE","seed_source_timestamp":478103492521300,"circlet_count":0,"master_deck":["Strike_R+1","Strike_R","Strike_R","Strike_R","Strike_R","Defend_R+1","Defend_R","Defend_R","Defend_R","Bash","Cleave+1","Clothesline+1","Enlightenment+1","Ghostly Armor+1","Metallicize+1","Feed+1","Entrench","Clothesline+1","Armaments","Body Slam+1","Mayhem+1","Cleave+1","Body Slam","Entrench","Evolve+1"],"relics":["Burning Blood","Frozen Egg 2","Tiny House","Whetstone","Oddly Smooth Stone"],"potions_floor_usage":[16,18,22,24,30,31,31],"damage_taken":[{"damage":3,"enemies":"2 Louse","floor":1,"turns":3},{"damage":0,"enemies":"Small Slimes","floor":2,"turns":3},{"damage":6,"enemies":"Jaw Worm","floor":4,"turns":4},{"damage":11,"enemies":"2 Fungi Beasts","floor":7,"turns":5},{"damage":0,"enemies":"3 Louse","floor":12,"turns":2},{"damage":10,"enemies":"Blue Slaver","floor":14,"turns":4},{"damage":55,"enemies":"Slime Boss","floor":16,"turns":24},{"damage":55,"enemies":"3 Byrds","floor":18,"turns":9},{"damage":10,"enemies":"2 Thieves","floor":22,"turns":4},{"damage":23,"enemies":"Snake Plant","floor":24,"turns":6},{"damage":13,"enemies":"Cultist and Chosen","floor":25,"turns":8},{"damage":20,"enemies":"Centurion and Healer","floor":30,"turns":6},{"damage":29,"enemies":"Snake Plant","floor":31,"turns":6},{"damage":65,"enemies":"Automaton","floor":33,"turns":6}],"seed_played":"-4668136359890112084","potions_obtained":[{"floor":1,"key":"SkillPotion"},{"floor":2,"key":"BloodPotion"},{"floor":14,"key":"Fire Potion"},{"floor":17,"key":"SteroidPotion"},{"floor":22,"key":"LiquidBronze"},{"floor":24,"key":"AttackPotion"},{"floor":30,"key":"Weak Potion"}],"is_trial":false,"path_per_floor":["M","M","$","M","?","R","M","R","T","?","$","M","?","M","R","B",null,"M","?","?","$","M","R","M","M","T","$","R","$","M","M","R","B"],"character_chosen":"IRONCLAD","items_purchased":["Enlightenment","Armaments","Body Slam","Mayhem+1","Oddly Smooth Stone"],"campfire_rested":2,"item_purchase_floors":[11,21,21,21,27],"current_hp_per_floor":[88,88,88,88,88,88,83,83,83,83,83,88,88,84,84,35,93,67,67,67,67,63,63,46,39,39,39,66,66,52,29,56,0],"gold":31,"neow_bonus":"TEN_PERCENT_HP_BONUS","is_prod":false,"is_daily":false,"chose_seed":false,"campfire_upgraded":4,"win_rate":0,"timestamp":1563702543,"path_taken":["M","M","$","M","?","R","M","R","T","?","?","M","?","M","R","BOSS","M","?","?","$","M","R","M","M","T","$","R","$","?","M","R","BOSS"],"build_version":"2019-07-17","purchased_purges":1,"victory":false,"max_hp_per_floor":[88,88,88,88,88,88,88,88,88,88,88,88,88,88,88,88,93,93,93,93,93,93,93,93,93,93,93,93,93,93,93,93,93],"card_choices":[{"not_picked":["Second Wind","Flex","Corruption"],"picked":"SKIP","floor":1},{"not_picked":["Anger","True Grit","Twin Strike"],"picked":"SKIP","floor":2},{"not_picked":["Perfected Strike","Thunderclap"],"picked":"Cleave","floor":4},{"not_picked":["Evolve","Headbutt"],"picked":"Clothesline","floor":7},{"not_picked":["Sentinel","Thunderclap"],"picked":"Ghostly Armor","floor":12},{"not_picked":["Reaper","Armaments"],"picked":"Metallicize+1","floor":14},{"not_picked":["Limit Break","Demon Form+1"],"picked":"Feed","floor":16},{"not_picked":["Clothesline","Shockwave"],"picked":"Entrench","floor":17},{"not_picked":["Rage","Hemokinesis+1"],"picked":"Clothesline+1","floor":18},{"not_picked":["Wild Strike","Heavy Blade"],"picked":"Cleave+1","floor":22},{"not_picked":["Inflame+1","Rage"],"picked":"Body Slam","floor":24},{"not_picked":["Flex","Hemokinesis","Power Through"],"picked":"SKIP","floor":25},{"not_picked":["Seeing Red","Carnage"],"picked":"Entrench","floor":30},{"not_picked":["True Grit","Thunderclap"],"picked":"Evolve+1","floor":31}],"player_experience":212676,"relics_obtained":[{"floor":9,"key":"Frozen Egg 2"},{"floor":26,"key":"Whetstone"}],"event_choices":[{"damage_healed":0,"gold_gain":175,"player_choice":"AGREE","damage_taken":0,"max_hp_gain":0,"max_hp_loss":0,"event_name":"Liars Game","floor":5,"gold_loss":0,"cards_obtained":["Doubt"]},{"damage_healed":0,"gold_gain":0,"player_choice":"Ignored","damage_taken":0,"max_hp_gain":0,"max_hp_loss":0,"event_name":"Golden Idol","floor":10,"gold_loss":0},{"damage_healed":0,"gold_gain":75,"player_choice":"Gained Gold","damage_taken":0,"max_hp_gain":0,"max_hp_loss":0,"event_name":"Golden Wing","floor":13,"gold_loss":0},{"damage_healed":0,"gold_gain":0,"player_choice":"Ignored","damage_taken":0,"max_hp_gain":0,"max_hp_loss":0,"event_name":"Ghosts","floor":19,"gold_loss":0},{"damage_healed":0,"gold_gain":0,"player_choice":"Upgraded","damage_taken":0,"max_hp_gain":0,"max_hp_loss":0,"event_name":"Upgrade Shrine","floor":20,"gold_loss":0,"cards_upgraded":["Enlightenment"]}],"is_beta":false,"boss_relics":[{"not_picked":["Velvet Choker","Calling Bell"],"picked":"Tiny House"}],"items_purged_floors":[11],"is_endless":false,"potions_floor_spawned":[1,2,14,22,24,30],"killed_by":"Automaton","ascension_level":0}