{"gold_per_floor":[10,10,24,24,39,39,52,96,122,138,138,67,91,162,162,286,286,307,331,304,319,319,319,319,339,421,421,446,469,469,493,493,493],"floor_reached":33,"playtime":2211,"items_purged":[],"score":276,"play_id":"08ea5a0f-0eb7-4cd8-96dc-184101614fa5","local_time":"20200204003948","is_ascension_mode":true,"campfire_choices":[{"data":"Body Slam","floor":6,"key":"SMITH"},{"floor":15,"key":"REST"},{"floor":23,"key":"REST"},{"data":"Body Slam","floor":27,"key":"SMITH"},{"data":"Inflame","floor":32,"key":"SMITH"}],"neow_cost":"NO_GOLD","seed_source_timestamp":15597053900400,"circlet_count":0,"master_deck":["Strike_R","Strike_R","Strike_R","Defend_R","Defend_R","Defend_R+1","Defend_R","Bash","Inflame+1","Flame Barrier+1","Body Slam+1","Heavy Blade","Disarm","Flex","Heavy Blade+1","Heavy Blade+1","Rage","Impervious","CurseOfTheBell","Entrench","Body Slam+1","Seeing Red+1","Twin Strike","Flex","Ghostly Armor+1","Infernal Blade","Flex","Rampage+1"],"relics":["Burning Blood","Turnip","Golden Idol","Blood Vial","War Paint","Whetstone","Calling Bell","Bag of Preparation","Ornamental Fan","Prayer Wheel","MutagenicStrength","HornCleat"],"potions_floor_usage":[8,14,33,33,33],"damage_taken":[{"damage":3,"enemies":"Jaw Worm","floor":1,"turns":5},{"damage":10,"enemies":"2 Louse","floor":3,"turns":3},{"damage":5,"enemies":"Small Slimes","floor":5,"turns":3},{"damage":3,"enemies":"3 Louse","floor":7,"turns":4},{"damage":10,"enemies":"Gremlin Nob","floor":8,"turns":3},{"damage":18,"enemies":"Large Slime","floor":10,"turns":5},{"damage":18,"enemies":"Exordium Thugs","floor":13,"turns":5},{"damage":30,"enemies":"Gremlin Nob","floor":14,"turns":4},{"damage":53,"enemies":"The Guardian","floor":16,"turns":10},{"damage":17,"enemies":"Spheric Guardian","floor":18,"turns":4},{"damage":4,"enemies":"Chosen","floor":19,"turns":5},{"damage":54,"enemies":"Centurion and Healer","floor":21,"turns":11},{"damage":12,"enemies":"Chosen and Byrds","floor":25,"turns":6},{"damage":15,"enemies":"Shelled Parasite and Fungi","floor":28,"turns":6},{"damage":11,"enemies":"Centurion and Healer","floor":29,"turns":5},{"damage":2,"enemies":"Snake Plant","floor":31,"turns":2},{"damage":61,"enemies":"Champ","floor":33,"turns":11}],"seed_played":"8245698796258022910","potions_obtained":[{"floor":1,"key":"SkillPotion"},{"floor":3,"key":"BloodPotion"},{"floor":10,"key":"SpeedPotion"},{"floor":18,"key":"Dexterity Potion"},{"floor":28,"key":"Fire Potion"}],"is_trial":false,"path_per_floor":["M","?","M","?","M","R","M","E","T","M","?","$","M","?","R","B",null,"M","M","$","M","?","R","?","M","T","R","M","M","?","M","R","B"],"character_chosen":"IRONCLAD","items_purchased":["Flex","Heavy Blade","Twin Strike"],"campfire_rested":2,"item_purchase_floors":[12,12,20],"current_hp_per_floor":[80,80,76,56,57,57,60,56,56,46,46,46,36,30,54,9,80,69,73,73,27,27,51,51,47,47,47,40,37,37,43,43,0],"gold":493,"neow_bonus":"ONE_RARE_RELIC","is_prod":false,"is_daily":false,"chose_seed":false,"campfire_upgraded":3,"win_rate":0,"timestamp":1580755188,"path_taken":["M","?","M","?","M","R","M","E","T","?","?","$","M","?","R","BOSS","M","M","$","M","?","R","?","M","T","R","M","M","?","M","R","BOSS"],"build_version":"2020-01-27","purchased_purges":0,"victory":false,"max_hp_per_floor":[80,80,80,80,80,80,80,80,80,80,80,80,80,80,80,80,80,80,80,80,80,80,80,80,80,80,80,80,80,80,80,80,80],"card_choices":[{"not_picked":["Dual Wield","Clothesline"],"picked":"Inflame","floor":1},{"not_picked":["Reckless Charge","Thunderclap"],"picked":"Flame Barrier","floor":3},{"not_picked":["Iron Wave","Wild Strike"],"picked":"Body Slam","floor":5},{"not_picked":["Anger","Clothesline"],"picked":"Heavy Blade","floor":7},{"not_picked":["True Grit","Bloodletting","Infernal Blade"],"picked":"SKIP","floor":8},{"not_picked":["Shrug It Off","Second Wind"],"picked":"Disarm","floor":10},{"not_picked":["True Grit","Pommel Strike"],"picked":"Heavy Blade","floor":13},{"not_picked":["Blood for Blood","Shockwave"],"picked":"Rage","floor":14},{"not_picked":["Exhume","Corruption"],"picked":"Impervious","floor":16},{"not_picked":["Evolve+1","Rampage"],"picked":"Entrench","floor":18},{"not_picked":["Second Wind","Havoc","True Grit"],"picked":"SKIP","floor":18},{"not_picked":["Clash","True Grit"],"picked":"Body Slam","floor":19},{"not_picked":["Flame Barrier","True Grit"],"picked":"Seeing Red+1","floor":19},{"not_picked":["Rampage+1","Heavy Blade"],"picked":"Flex","floor":21},{"not_picked":["Whirlwind","Iron Wave+1"],"picked":"Ghostly Armor+1","floor":21},{"not_picked":["Uppercut","Clash","Barricade"],"picked":"SKIP","floor":25},{"not_picked":["Thunderclap","Body Slam","Warcry+1"],"picked":"SKIP","floor":25},{"not_picked":["Second Wind","Thunderclap+1","Whirlwind"],"picked":"SKIP","floor":28},{"not_picked":["Feel No Pain","Second Wind","Warcry"],"picked":"SKIP","floor":28},{"not_picked":["Twin Strike","True Grit","Pommel Strike"],"picked":"SKIP","floor":29},{"not_picked":["Sword Boomerang","Uppercut","Heavy Blade+1"],"picked":"SKIP","floor":29},{"not_picked":["Entrench","Carnage"],"picked":"Flex","floor":31},{"not_picked":["Clothesline","Armaments+1"],"picked":"Rampage+1","floor":31}],"player_experience":327866,"relics_obtained":[{"floor":8,"key":"Blood Vial"},{"floor":9,"key":"War Paint"},{"floor":14,"key":"Whetstone"},{"floor":17,"key":"Bag of Preparation"},{"floor":17,"key":"Ornamental Fan"},{"floor":17,"key":"Prayer Wheel"},{"floor":26,"key":"HornCleat"}],"event_choices":[{"cards_removed":["Strike_R"],"damage_healed":0,"gold_gain":0,"player_choice":"Forget","damage_taken":0,"max_hp_gain":0,"max_hp_loss":0,"event_name":"Living Wall","floor":2,"gold_loss":0},{"damage_healed":0,"gold_gain":0,"player_choice":"Take Damage","damage_taken":20,"relics_obtained":["Golden Idol"],"max_hp_gain":0,"max_hp_loss":0,"event_name":"Golden Idol","floor":4,"gold_loss":0},{"damage_healed":0,"gold_gain":0,"player_choice":"Leave","damage_taken":0,"max_hp_gain":0,"max_hp_loss":0,"event_name":"The Cleric","floor":11,"gold_loss":0},{"damage_healed":0,"gold_gain":30,"player_choice":"Searched \u00273\u0027 times","damage_taken":0,"max_hp_gain":0,"max_hp_loss":0,"event_name":"Dead Adventurer","floor":14,"gold_loss":0},{"damage_healed":0,"gold_gain":0,"player_choice":"Ignored","damage_taken":0,"max_hp_gain":0,"max_hp_loss":0,"event_name":"Cursed Tome","floor":22,"gold_loss":0},{"damage_healed":0,"gold_gain":0,"player_choice":"Inject Mutagens","damage_taken":0,"relics_obtained":["MutagenicStrength"],"max_hp_gain":0,"max_hp_loss":0,"event_name":"Drug Dealer","floor":24,"gold_loss":0},{"damage_healed":0,"gold_gain":0,"cards_transformed":["Strike_R"],"player_choice":"Transformed","damage_taken":0,"max_hp_gain":0,"max_hp_loss":0,"event_name":"Transmorgrifier","floor":30,"gold_loss":0,"cards_obtained":["Infernal Blade"]}],"is_beta":false,"boss_relics":[{"not_picked":["Mark of Pain","SlaversCollar"],"picked":"Calling Bell"}],"items_purged_floors":[],"is_endless":false,"potions_floor_spawned":[1,3,10,18,28],"killed_by":"Champ","ascension_level":2}