{"gold_per_floor":[114,189,364,147,167,167,197,217,217,217,231,231,131,150,150,251,251,240,255,273,101,16,16,16,16,16,35,48,48,65,77,77,173,173,188,188,202,214,89,89,89,89,89,107,107,107,126,144,144,144],"floor_reached":51,"playtime":2998,"items_purged":["Doubt","Strike_R","Writhe"],"score":764,"play_id":"b8295cf3-e4a9-47df-b2d9-2bf4e9e58b8f","local_time":"20200205030611","is_ascension_mode":true,"campfire_choices":[{"data":"Uppercut","floor":6,"key":"SMITH"},{"data":"Cleave","floor":15,"key":"SMITH"},{"data":"Limit Break","floor":23,"key":"SMITH"},{"floor":29,"key":"REST"},{"floor":32,"key":"REST"},{"data":"Demon Form","floor":40,"key":"SMITH"},{"data":"Ghostly Armor","floor":42,"key":"SMITH"},{"floor":46,"key":"REST"},{"floor":49,"key":"REST"}],"neow_cost":"NONE","seed_source_timestamp":109980245321300,"circlet_count":0,"master_deck":["Strike_R","Defend_R","Defend_R","Defend_R","Defend_R","Bash","Cleave+1","Cleave","Spot Weakness+1","Uppercut+1","Clothesline+1","Ghostly Armor+1","Intimidate","Clothesline","Demon Form+1","Flex+1","Heavy Blade+1","Limit Break+1","Heavy Blade","Sword Boomerang","RitualDagger","Intimidate","Iron Wave","Flex","Twin Strike","Juggernaut","Pommel Strike+1","Sentinel+1","Fiend Fire+1","Flex+1","Shrug It Off","Sentinel+1","Discovery","Regret","Disarm","Rage+1","Flex+1"],"relics":["Burning Blood","Thread and Needle","Letter Opener","Gremlin Horn","Cursed Key","Matryoshka","MutagenicStrength","Mummified Hand","Self Forming Clay","Astrolabe","Red Skull","Bottled Tornado"],"potions_floor_usage":[16,16,16,27,33,33,44,50,50],"damage_taken":[{"damage":11,"enemies":"Jaw Worm","floor":1,"turns":4},{"damage":2,"enemies":"2 Louse","floor":5,"turns":2},{"damage":26,"enemies":"Gremlin Nob","floor":7,"turns":4},{"damage":0,"enemies":"Small Slimes","floor":8,"turns":2},{"damage":2,"enemies":"Looter","floor":11,"turns":4},{"damage":0,"enemies":"2 Fungi Beasts","floor":14,"turns":3},{"damage":32,"enemies":"Slime Boss","floor":16,"turns":11},{"damage":13,"enemies":"2 Thieves","floor":18,"turns":4},{"damage":20,"enemies":"Spheric Guardian","floor":19,"turns":4},{"damage":12,"enemies":"Centurion and Healer","floor":20,"turns":4},{"damage":43,"enemies":"Snake Plant","floor":27,"turns":6},{"damage":11,"enemies":"3 Cultists","floor":28,"turns":4},{"damage":4,"enemies":"Chosen and Byrds","floor":30,"turns":5},{"damage":21,"enemies":"Centurion and Healer","floor":31,"turns":4},{"damage":29,"enemies":"Collector","floor":33,"turns":9},{"damage":14,"enemies":"Orb Walker","floor":35,"turns":4},{"damage":0,"enemies":"3 Shapes","floor":37,"turns":3},{"damage":26,"enemies":"3 Darklings","floor":38,"turns":3},{"damage":26,"enemies":"Maw","floor":44,"turns":6},{"damage":32,"enemies":"Jaw Worm Horde","floor":47,"turns":4},{"damage":7,"enemies":"Writhing Mass","floor":48,"turns":5},{"damage":55,"enemies":"Donu and Deca","floor":50,"turns":7}],"seed_played":"732137379788861923","potions_obtained":[{"floor":8,"key":"SpeedPotion"},{"floor":11,"key":"Fire Potion"},{"floor":14,"key":"SkillPotion"},{"floor":19,"key":"FearPotion"},{"floor":20,"key":"Fruit Juice"},{"floor":27,"key":"Strength Potion"},{"floor":30,"key":"Fire Potion"},{"floor":31,"key":"GamblersBrew"},{"floor":37,"key":"GamblersBrew"},{"floor":38,"key":"AttackPotion"}],"is_trial":false,"path_per_floor":["M","?","?","$","M","R","E","M","T","T","M","?","$","M","R","B",null,"M","M","M","$","?","R","?","?","T","M","M","R","M","M","R","B",null,"M","?","M","M","$","R","?","R","T","M","?","R","M","M","R","B",null],"character_chosen":"IRONCLAD","items_purchased":["Spot Weakness","Uppercut","Limit Break","Heavy Blade","Sword Boomerang"],"campfire_rested":4,"item_purchase_floors":[4,4,21,21,21],"current_hp_per_floor":[75,64,64,64,68,68,48,54,54,54,58,42,42,48,48,22,80,73,59,53,53,53,53,53,47,47,15,10,35,37,22,47,24,85,77,77,83,63,63,63,63,63,63,43,43,68,42,41,66,17],"gold":144,"neow_bonus":"THREE_CARDS","is_prod":false,"is_daily":false,"chose_seed":false,"campfire_upgraded":5,"win_rate":0,"timestamp":1580850371,"path_taken":["M","?","?","$","?","R","E","M","T","?","M","?","$","M","R","BOSS","M","M","M","$","?","R","?","?","T","M","M","R","M","M","R","BOSS","M","?","M","M","$","R","?","R","T","?","?","R","M","M","R","BOSS"],"build_version":"2020-01-27","purchased_purges":3,"victory":true,"max_hp_per_floor":[80,80,80,80,80,80,80,80,80,80,80,80,80,80,80,80,80,80,80,80,80,80,80,80,80,80,85,85,85,85,85,85,85,85,85,85,85,85,85,85,85,85,85,85,85,85,85,85,85,85],"card_choices":[{"not_picked":["Warcry","Pommel Strike"],"picked":"Cleave","floor":0},{"not_picked":["Disarm","Iron Wave"],"picked":"Cleave","floor":1},{"not_picked":["Dark Embrace","Armaments"],"picked":"Clothesline","floor":5},{"not_picked":["Battle Trance","Thunderclap"],"picked":"Ghostly Armor","floor":7},{"not_picked":["Thunderclap","Warcry"],"picked":"Intimidate","floor":8},{"not_picked":["Heavy Blade","True Grit"],"picked":"Clothesline","floor":11},{"not_picked":["Dark Embrace","Warcry","Havoc"],"picked":"SKIP","floor":14},{"not_picked":["Berserk","Juggernaut"],"picked":"Demon Form","floor":16},{"not_picked":["Clothesline","Clash"],"picked":"Flex+1","floor":18},{"not_picked":["Second Wind+1","Sword Boomerang"],"picked":"Heavy Blade+1","floor":19},{"not_picked":["Perfected Strike+1","Warcry","Body Slam"],"picked":"SKIP","floor":20},{"not_picked":["Perfected Strike","Armaments"],"picked":"Intimidate","floor":27},{"not_picked":["Clothesline","True Grit"],"picked":"Iron Wave","floor":28},{"not_picked":["Perfected Strike","Brutality"],"picked":"Flex","floor":30},{"not_picked":["Clothesline","Second Wind"],"picked":"Twin Strike","floor":31},{"not_picked":["Brutality","Offering"],"picked":"Juggernaut","floor":33},{"not_picked":["Twin Strike","Battle Trance"],"picked":"Flex+1","floor":35},{"not_picked":["Anger","Clothesline"],"picked":"Shrug It Off","floor":37},{"not_picked":["Dual Wield","Perfected Strike+1"],"picked":"Sentinel+1","floor":38},{"not_picked":["Jack Of All Trades","Purity"],"picked":"Discovery","floor":41},{"not_picked":["Clothesline+1","Headbutt"],"picked":"Disarm","floor":44},{"not_picked":["Rampage","Bloodletting+1"],"picked":"Rage+1","floor":47},{"not_picked":["Spot Weakness","Entrench"],"picked":"Flex+1","floor":48}],"player_experience":330077,"relics_obtained":[{"floor":7,"key":"Thread and Needle"},{"floor":9,"key":"Letter Opener"},{"floor":10,"key":"Gremlin Horn"},{"floor":26,"key":"Mummified Hand"},{"floor":26,"key":"Self Forming Clay"},{"floor":43,"key":"Red Skull"},{"floor":43,"key":"Bottled Tornado"}],"event_choices":[{"damage_healed":0,"gold_gain":75,"player_choice":"Gather Gold","damage_taken":11,"max_hp_gain":0,"max_hp_loss":0,"event_name":"World of Goop","floor":2,"gold_loss":0},{"damage_healed":0,"gold_gain":175,"player_choice":"AGREE","damage_taken":0,"max_hp_gain":0,"max_hp_loss":0,"event_name":"Liars Game","floor":3,"gold_loss":0,"cards_obtained":["Doubt"]},{"damage_healed":0,"gold_gain":0,"player_choice":"Entered Light","damage_taken":16,"max_hp_gain":0,"max_hp_loss":0,"event_name":"Shining Light","floor":12,"gold_loss":0,"cards_upgraded":["Spot Weakness","Clothesline"]},{"damage_healed":0,"gold_gain":0,"player_choice":"Obtained Relic","damage_taken":0,"relics_obtained":["Matryoshka"],"max_hp_gain":0,"max_hp_loss":0,"event_name":"Addict","floor":22,"gold_loss":85},{"damage_healed":0,"gold_gain":0,"player_choice":"Inject Mutagens","damage_taken":0,"relics_obtained":["MutagenicStrength"],"max_hp_gain":0,"max_hp_loss":0,"event_name":"Drug Dealer","floor":24,"gold_loss":0},{"damage_healed":0,"gold_gain":0,"player_choice":"Joined the Cult","damage_taken":6,"max_hp_gain":0,"max_hp_loss":0,"event_name":"Nest","floor":25,"gold_loss":0,"cards_obtained":["RitualDagger"]},{"damage_healed":0,"gold_gain":0,"player_choice":"Ignored","damage_taken":0,"max_hp_gain":0,"max_hp_loss":0,"event_name":"Tomb of Lord Red Mask","floor":36,"gold_loss":0},{"damage_healed":0,"gold_gain":0,"player_choice":"Memory 1","damage_taken":0,"max_hp_gain":0,"max_hp_loss":0,"event_name":"SensoryStone","floor":41,"gold_loss":0},{"damage_healed":0,"gold_gain":0,"player_choice":"Ignored","damage_taken":0,"max_hp_gain":0,"max_hp_loss":0,"event_name":"Mysterious Sphere","floor":45,"gold_loss":0}],"is_beta":false,"boss_relics":[{"not_picked":["Pandora\u0027s Box","Black Blood"],"picked":"Cursed Key"},{"not_picked":["SacredBark","Coffee Dripper"],"picked":"Astrolabe"}],"items_purged_floors":[4,13,39],"is_endless":false,"potions_floor_spawned":[8,11,14,19,20,27,30,31,37,38],"ascension_level":2}