{"gold_per_floor":[112,112,126,126,145,178,253,253,253,253,266,266,39,72,72,167,167,180,12,22,22,22,53,53,53,79,79,98,114,114,39,39,39],"floor_reached":33,"playtime":1910,"items_purged":["Strike_R","Strike_R"],"score":402,"play_id":"78ec7848-19bf-45ed-87b3-15f5ff1b199c","local_time":"20200228230518","is_ascension_mode":true,"campfire_choices":[{"floor":8,"key":"REST"},{"data":"Shrug It Off","floor":10,"key":"SMITH"},{"floor":15,"key":"REST"},{"data":"Barricade","floor":24,"key":"SMITH"},{"data":"Whirlwind","floor":27,"key":"SMITH"},{"floor":32,"key":"REST"}],"neow_cost":"NONE","seed_source_timestamp":1202231539301700,"circlet_count":0,"master_deck":["Strike_R","Strike_R","Strike_R","Defend_R","Defend_R","Defend_R","Defend_R","Bash","Ghostly Armor","Shrug It Off+1","Feed","Armaments","Inflame","Whirlwind+1","Barricade+1","Entrench+1","Shrug It Off","Inflame","Pain","Battle Trance+1","Searing Blow+1"],"relics":["Burning Blood","Torii","Happy Flower","FaceOfCleric","Membership Card","Paper Frog","Cursed Key","Lee\u0027s Waffle","MutagenicStrength","WarpedTongs","Bottled Flame","Omamori","The Courier"],"potions_floor_usage":[14,16,29],"damage_taken":[{"damage":5,"enemies":"Small Slimes","floor":1,"turns":4},{"damage":7,"enemies":"Jaw Worm","floor":3,"turns":4},{"damage":0,"enemies":"Cultist","floor":5,"turns":4},{"damage":62,"enemies":"Lagavulin","floor":6,"turns":11},{"damage":9,"enemies":"Exordium Wildlife","floor":11,"turns":7},{"damage":24,"enemies":"Gremlin Nob","floor":14,"turns":5},{"damage":47,"enemies":"Slime Boss","floor":16,"turns":11},{"damage":17,"enemies":"Shell Parasite","floor":18,"turns":10},{"damage":17,"enemies":"3 Byrds","floor":20,"turns":5},{"damage":56,"enemies":"Gremlin Leader","floor":23,"turns":9},{"damage":36,"enemies":"Shelled Parasite and Fungi","floor":28,"turns":6},{"damage":13,"enemies":"Sentry and Sphere","floor":29,"turns":4},{"damage":44,"enemies":"Automaton","floor":33,"turns":6}],"seed_played":"8278664545486555076","potions_obtained":[{"floor":11,"key":"PowerPotion"},{"floor":14,"key":"Explosive Potion"},{"floor":16,"key":"SpeedPotion"},{"floor":28,"key":"Weak Potion"}],"is_trial":false,"path_per_floor":["M","?","M","T","M","E","?","R","T","R","M","?","$","E","R","B",null,"M","$","M","?","?","E","R","$","T","R","M","M","T","?","R","B"],"character_chosen":"IRONCLAD","items_purchased":["Membership Card","Inflame","Shrug It Off","Inflame","Lee\u0027s Waffle"],"campfire_rested":3,"item_purchase_floors":[13,13,19,19,19],"current_hp_per_floor":[81,81,80,80,86,30,19,45,45,45,45,45,45,28,55,18,77,71,108,101,101,101,56,56,56,56,56,27,21,21,21,56,12],"gold":39,"neow_bonus":"TEN_PERCENT_HP_BONUS","is_prod":false,"is_daily":false,"chose_seed":false,"campfire_upgraded":3,"win_rate":0,"timestamp":1582909518,"path_taken":["M","?","M","?","M","E","?","R","T","R","?","?","$","E","R","BOSS","M","$","?","?","?","E","R","$","T","R","?","M","?","?","R","BOSS"],"build_version":"2020-01-27","purchased_purges":2,"victory":false,"max_hp_per_floor":[88,88,88,88,88,88,88,88,88,88,91,91,91,92,92,96,96,101,108,112,112,112,117,117,117,117,117,118,119,119,119,119,119],"card_choices":[{"not_picked":["Clothesline","Clash"],"picked":"Ghostly Armor","floor":1},{"not_picked":["Cleave","Pommel Strike"],"picked":"Shrug It Off","floor":3},{"not_picked":["Heavy Blade","Havoc","Sword Boomerang"],"picked":"SKIP","floor":5},{"not_picked":["Clothesline","Warcry"],"picked":"Feed","floor":6},{"not_picked":["Havoc","Flex"],"picked":"Armaments","floor":11},{"not_picked":["True Grit","Burning Pact"],"picked":"Whirlwind","floor":14},{"not_picked":["Offering","Exhume"],"picked":"Barricade","floor":16},{"not_picked":["Flame Barrier","Metallicize"],"picked":"Entrench+1","floor":18},{"not_picked":["Cleave","Wild Strike","True Grit"],"picked":"SKIP","floor":20},{"not_picked":["Fiend Fire","Anger","Flex"],"picked":"SKIP","floor":23},{"not_picked":["Cleave","Berserk"],"picked":"Battle Trance+1","floor":28},{"not_picked":["Iron Wave","Sword Boomerang"],"picked":"Searing Blow+1","floor":29}],"player_experience":423905,"relics_obtained":[{"floor":4,"key":"Torii"},{"floor":6,"key":"Happy Flower"},{"floor":14,"key":"Paper Frog"},{"floor":23,"key":"Bottled Flame"},{"floor":26,"key":"Omamori"},{"floor":30,"key":"The Courier"}],"event_choices":[{"damage_healed":0,"gold_gain":0,"player_choice":"Ignored","damage_taken":0,"max_hp_gain":0,"max_hp_loss":0,"event_name":"Liars Game","floor":2,"gold_loss":0},{"damage_healed":0,"gold_gain":75,"player_choice":"Gather Gold","damage_taken":11,"max_hp_gain":0,"max_hp_loss":0,"event_name":"World of Goop","floor":7,"gold_loss":0},{"damage_healed":0,"gold_gain":0,"player_choice":"Trade","damage_taken":0,"relics_obtained":["FaceOfCleric"],"max_hp_gain":0,"max_hp_loss":0,"event_name":"FaceTrader","floor":12,"gold_loss":0},{"damage_healed":0,"gold_gain":0,"player_choice":"Inject Mutagens","damage_taken":0,"relics_obtained":["MutagenicStrength"],"max_hp_gain":0,"max_hp_loss":0,"event_name":"Drug Dealer","floor":21,"gold_loss":0},{"damage_healed":0,"gold_gain":0,"player_choice":"Rummage","damage_taken":0,"relics_obtained":["WarpedTongs"],"max_hp_gain":0,"max_hp_loss":0,"event_name":"Accursed Blacksmith","floor":22,"gold_loss":0,"cards_obtained":["Pain"]},{"cards_removed":["Normality"],"damage_healed":0,"gold_gain":0,"player_choice":"Gave Gold","damage_taken":0,"max_hp_gain":0,"max_hp_loss":0,"event_name":"Beggar","floor":31,"gold_loss":75}],"is_beta":false,"boss_relics":[{"not_picked":["Fusion Hammer","Astrolabe"],"picked":"Cursed Key"}],"items_purged_floors":[13,19],"is_endless":false,"potions_floor_spawned":[11,14,16,28],"killed_by":"Automaton","ascension_level":6}