{"gold_per_floor":[19,19,35,35,60,60,76,112,167,179,211,223,235,268,280,411,423,448,460,491,516,192,192],"floor_reached":23,"playtime":1290,"items_purged":["Strike_R"],"score":218,"play_id":"c1ea23ed-013b-4fb7-a1f9-2a73561a7c67","local_time":"20200219210309","is_ascension_mode":false,"campfire_choices":[{"data":"Twin Strike","floor":6,"key":"SMITH"},{"floor":10,"key":"REST"},{"data":"Rampage","floor":13,"key":"SMITH"},{"data":"Battle Trance","floor":15,"key":"SMITH"}],"neow_cost":"NO_GOLD","seed_source_timestamp":417926807112100,"circlet_count":0,"master_deck":["Strike_R","Strike_R","Strike_R","Strike_R","Defend_R","Defend_R","Defend_R","Bash","Limit Break","Sword Boomerang","Battle Trance+1","Twin Strike+1","Rampage+1","Feed","Necronomicurse","Entrench+1"],"relics":["Black Blood","Golden Idol","Singing Bowl","MawBank","FaceOfCleric","Necronomicon","Toxic Egg 2"],"potions_floor_usage":[11,16,21,23],"damage_taken":[{"damage":15,"enemies":"Jaw Worm","floor":1,"turns":5},{"damage":1,"enemies":"Cultist","floor":3,"turns":3},{"damage":1,"enemies":"2 Louse","floor":5,"turns":3},{"damage":11,"enemies":"Exordium Wildlife","floor":7,"turns":3},{"damage":28,"enemies":"Gremlin Nob","floor":8,"turns":4},{"damage":12,"enemies":"2 Fungi Beasts","floor":11,"turns":3},{"damage":12,"enemies":"Large Slime","floor":14,"turns":5},{"damage":44,"enemies":"Hexaghost","floor":16,"turns":9},{"damage":46,"enemies":"Shell Parasite","floor":18,"turns":6},{"damage":5,"enemies":"Chosen","floor":20,"turns":4},{"damage":18,"enemies":"Snake Plant","floor":21,"turns":4},{"damage":47,"enemies":"Gremlin Leader","floor":23,"turns":6}],"seed_played":"-775154788689140550","potions_obtained":[{"floor":8,"key":"SpeedPotion"},{"floor":11,"key":"FearPotion"},{"floor":16,"key":"SkillPotion"},{"floor":18,"key":"BloodPotion"}],"is_trial":false,"path_per_floor":["M","?","M","?","M","R","M","E","T","R","M","?","R","M","R","B",null,"M","?","M","M","$","E"],"character_chosen":"IRONCLAD","items_purchased":["Toxic Egg 2"],"campfire_rested":1,"item_purchase_floors":[22],"current_hp_per_floor":[71,51,56,56,61,61,56,34,34,58,54,54,54,51,51,14,86,58,42,52,47,47,19],"gold":192,"neow_bonus":"THREE_RARE_CARDS","is_prod":false,"is_daily":false,"chose_seed":false,"campfire_upgraded":3,"win_rate":0,"timestamp":1582124589,"path_taken":["M","?","M","?","?","R","M","E","T","R","M","?","R","?","R","BOSS","M","?","M","M","$","E"],"build_version":"2020-01-27","purchased_purges":1,"victory":false,"max_hp_per_floor":[80,80,80,80,80,80,80,80,80,80,82,82,82,85,85,86,86,92,92,95,96,96,96],"card_choices":[{"not_picked":["Reaper","Corruption"],"picked":"Limit Break","floor":0},{"not_picked":["Anger","Headbutt"],"picked":"Sword Boomerang","floor":1},{"not_picked":["Headbutt","Iron Wave"],"picked":"Battle Trance","floor":3},{"not_picked":["Wild Strike","Intimidate"],"picked":"Twin Strike","floor":5},{"not_picked":["Clothesline","Clash","Headbutt"],"picked":"SKIP","floor":7},{"not_picked":["Power Through","Perfected Strike"],"picked":"Rampage","floor":8},{"not_picked":["Corruption","Cleave","Clothesline"],"picked":"Singing Bowl","floor":11},{"not_picked":["Clash","Pommel Strike","Sword Boomerang"],"picked":"Singing Bowl","floor":14},{"not_picked":["Juggernaut","Brutality"],"picked":"Feed","floor":16},{"not_picked":["Wild Strike+1","Sever Soul","Cleave"],"picked":"Singing Bowl","floor":18},{"not_picked":["Warcry","Havoc+1","Sever Soul+1"],"picked":"Singing Bowl","floor":20},{"not_picked":["Perfected Strike","Combust"],"picked":"Entrench+1","floor":21}],"player_experience":399987,"relics_obtained":[{"floor":8,"key":"Singing Bowl"},{"floor":9,"key":"MawBank"},{"floor":19,"key":"Necronomicon"}],"event_choices":[{"damage_healed":0,"gold_gain":0,"player_choice":"Take Damage","damage_taken":20,"relics_obtained":["Golden Idol"],"max_hp_gain":0,"max_hp_loss":0,"event_name":"Golden Idol","floor":2,"gold_loss":0},{"cards_removed":["Defend_R"],"damage_healed":0,"gold_gain":0,"player_choice":"Purged","damage_taken":0,"max_hp_gain":0,"max_hp_loss":0,"event_name":"Purifier","floor":4,"gold_loss":0},{"damage_healed":0,"gold_gain":0,"player_choice":"Trade","damage_taken":0,"relics_obtained":["FaceOfCleric"],"max_hp_gain":0,"max_hp_loss":0,"event_name":"FaceTrader","floor":12,"gold_loss":0},{"damage_healed":0,"gold_gain":0,"player_choice":"Obtained Book","damage_taken":16,"max_hp_gain":0,"max_hp_loss":0,"event_name":"Cursed Tome","floor":19,"gold_loss":0}],"is_beta":false,"boss_relics":[{"not_picked":["Velvet Choker","SacredBark"],"picked":"Black Blood"}],"items_purged_floors":[22],"is_endless":false,"potions_floor_spawned":[8,11,16,18],"killed_by":"Gremlin Leader","ascension_level":0}