{"gold_per_floor":[215,235,127,146,71,71,97,115,115,125,125,125,139,171,171,266,266,285,15,32,32,32,32,131,131,154,154,171,171,190,40,40,145,145,163,14,0,11,58,90,104,104,130,130,130,141,157,171,171,171,171,171,26,51,51],"floor_reached":55,"playtime":4107,"items_purged":["Strike_R","Decay"],"score":887,"play_id":"778c10d4-8007-4e3e-a9aa-593e5404ca7f","local_time":"20200301233623","is_ascension_mode":true,"campfire_choices":[{"data":"Searing Blow","floor":6,"key":"SMITH"},{"data":"Searing Blow+1","floor":11,"key":"SMITH"},{"data":"Searing Blow+3","floor":15,"key":"SMITH"},{"data":"Searing Blow+4","floor":23,"key":"SMITH"},{"data":"Searing Blow+5","floor":25,"key":"SMITH"},{"data":"Searing Blow+6","floor":29,"key":"SMITH"},{"data":"Searing Blow+7","floor":32,"key":"SMITH"},{"floor":42,"key":"REST"},{"floor":45,"key":"RECALL"},{"data":"Barricade","floor":49,"key":"SMITH"},{"data":"Searing Blow+8","floor":52,"key":"SMITH"}],"neow_cost":"NONE","seed_source_timestamp":1374697587197800,"circlet_count":0,"master_deck":["Strike_R","Strike_R","Strike_R","Strike_R","Defend_R","Defend_R","Defend_R","Defend_R","Bash","Rage","Rampage","Searing Blow+9","Flame Barrier","Metallicize","Rage","Shockwave","Double Tap","Shrug It Off+1","Headbutt","Disarm","Flame Barrier+1","Armaments","Barricade+1","Impervious","True Grit+1","Madness","Madness","Dual Wield"],"relics":["Black Blood","Letter Opener","Eternal Feather","Bottled Tornado","Sozu","Strawberry","Nilry\u0027s Codex","Red Mask","Juzu Bracelet","Regal Pillow","Centennial Puzzle","Anchor","StrikeDummy"],"potions_floor_usage":[10,14,54,55],"damage_taken":[{"damage":2,"enemies":"Jaw Worm","floor":1,"turns":3},{"damage":0,"enemies":"Cultist","floor":2,"turns":4},{"damage":0,"enemies":"Small Slimes","floor":4,"turns":3},{"damage":22,"enemies":"Lagavulin","floor":7,"turns":10},{"damage":1,"enemies":"2 Fungi Beasts","floor":8,"turns":4},{"damage":17,"enemies":"Gremlin Gang","floor":10,"turns":3},{"damage":13,"enemies":"Lots of Slimes","floor":13,"turns":4},{"damage":18,"enemies":"Gremlin Nob","floor":14,"turns":4},{"damage":23,"enemies":"Hexaghost","floor":16,"turns":9},{"damage":0,"enemies":"Spheric Guardian","floor":18,"turns":3},{"damage":10,"enemies":"3 Byrds","floor":20,"turns":4},{"damage":19,"enemies":"Snecko","floor":28,"turns":5},{"damage":0,"enemies":"Cultist and Chosen","floor":30,"turns":6},{"damage":50,"enemies":"Automaton","floor":33,"turns":10},{"damage":3,"enemies":"Orb Walker","floor":35,"turns":2},{"damage":1,"enemies":"3 Shapes","floor":38,"turns":6},{"damage":22,"enemies":"Nemesis","floor":40,"turns":9},{"damage":75,"enemies":"Writhing Mass","floor":41,"turns":6},{"damage":10,"enemies":"Maw","floor":46,"turns":11},{"damage":14,"enemies":"3 Darklings","floor":47,"turns":8},{"damage":15,"enemies":"Jaw Worm Horde","floor":48,"turns":7},{"damage":65,"enemies":"Awakened One","floor":50,"turns":17},{"damage":54,"enemies":"Shield and Spear","floor":54,"turns":6},{"damage":63,"enemies":"The Heart","floor":55,"turns":5}],"seed_played":"-6259347756555610094","potions_obtained":[{"floor":1,"key":"Swift Potion"},{"floor":8,"key":"ColorlessPotion"},{"floor":10,"key":"LiquidBronze"},{"floor":13,"key":"BloodPotion"}],"is_trial":false,"path_per_floor":["M","M","$","M","$","R","E","M","T","M","R","?","M","E","R","B",null,"M","$","M","?","$","R","?","R","T","?","M","R","M","$","R","B",null,"M","$","?","M","T","E","M","R","T","?","R","M","M","M","R","B",null,"R","$","E","B"],"character_chosen":"IRONCLAD","items_purchased":["Searing Blow","Flame Barrier","Metallicize","Headbutt","Strawberry","Armaments","Impervious","Anchor"],"campfire_rested":1,"item_purchase_floors":[3,3,5,19,19,31,36,53],"current_hp_per_floor":[76,80,80,80,80,80,64,69,69,58,67,67,60,48,57,40,70,76,83,79,63,63,72,72,81,81,81,68,80,86,86,87,43,76,85,85,85,87,87,77,14,70,70,59,74,76,74,71,86,33,74,87,87,62,0],"gold":51,"neow_bonus":"HUNDRED_GOLD","is_prod":false,"is_daily":false,"chose_seed":false,"campfire_upgraded":9,"win_rate":0,"timestamp":1583084183,"path_taken":["M","M","$","M","$","R","E","M","T","M","R","?","?","E","R","BOSS","M","?","M","?","$","R","?","R","T","?","M","R","?","$","R","BOSS","M","?","?","M","?","E","M","R","T","?","R","M","M","M","R","BOSS","R","$","E","BOSS"],"build_version":"2020-01-27","purchased_purges":2,"victory":false,"max_hp_per_floor":[80,80,80,80,80,80,80,80,80,80,80,80,80,80,80,80,80,80,87,87,87,87,87,87,87,87,87,87,87,87,87,87,87,87,87,87,87,87,87,87,87,87,87,87,87,87,87,87,87,87,87,87,87,87,87],"card_choices":[{"not_picked":["Pummel","Havoc"],"picked":"Rage","floor":1},{"not_picked":["Dropkick","Headbutt"],"picked":"Rampage","floor":2},{"not_picked":["Perfected Strike","Thunderclap","Anger"],"picked":"SKIP","floor":4},{"not_picked":["Power Through","Wild Strike"],"picked":"Rage","floor":7},{"not_picked":["Searing Blow","True Grit"],"picked":"Shockwave","floor":8},{"not_picked":["Pommel Strike","Twin Strike","Wild Strike"],"picked":"SKIP","floor":10},{"not_picked":["Clash","Havoc","Burning Pact"],"picked":"SKIP","floor":13},{"not_picked":["Thunderclap","Wild Strike","Sentinel"],"picked":"SKIP","floor":14},{"not_picked":["Reaper","Barricade"],"picked":"Double Tap","floor":16},{"not_picked":["Sever Soul+1","Twin Strike"],"picked":"Shrug It Off+1","floor":18},{"not_picked":["Wild Strike+1","Anger+1","Sever Soul"],"picked":"SKIP","floor":20},{"not_picked":["Bludgeon","Reckless Charge+1"],"picked":"Disarm","floor":28},{"not_picked":["Body Slam","Flex"],"picked":"Flame Barrier+1","floor":30},{"not_picked":["Impervious","Fiend Fire"],"picked":"Barricade","floor":33},{"not_picked":["Clothesline+1","Havoc","True Grit+1"],"picked":"SKIP","floor":35},{"not_picked":["Twin Strike","Sword Boomerang"],"picked":"True Grit+1","floor":38},{"not_picked":["Clothesline","Twin Strike","Flex"],"picked":"SKIP","floor":40},{"not_picked":["Dropkick+1","Immolate","Infernal Blade"],"picked":"SKIP","floor":41},{"not_picked":["Dropkick","Flame Barrier","Seeing Red+1"],"picked":"SKIP","floor":46},{"not_picked":["Clash","Power Through+1","Shrug It Off"],"picked":"SKIP","floor":47},{"not_picked":["Power Through","Shrug It Off","Iron Wave"],"picked":"SKIP","floor":48},{"not_picked":["Thunderclap","Cleave+1"],"picked":"Dual Wield","floor":54}],"player_experience":426972,"relics_obtained":[{"floor":7,"key":"Letter Opener"},{"floor":9,"key":"Eternal Feather"},{"floor":14,"key":"Bottled Tornado"},{"floor":21,"key":"Nilry\u0027s Codex"},{"floor":39,"key":"Juzu Bracelet"},{"floor":40,"key":"Regal Pillow"},{"floor":43,"key":"Centennial Puzzle"},{"floor":54,"key":"StrikeDummy"}],"event_choices":[{"damage_healed":0,"gold_gain":0,"player_choice":"Forge","damage_taken":0,"max_hp_gain":0,"max_hp_loss":0,"event_name":"Accursed Blacksmith","floor":12,"gold_loss":0,"cards_upgraded":["Searing Blow"]},{"damage_healed":0,"gold_gain":0,"player_choice":"Obtained Book","damage_taken":16,"max_hp_gain":0,"max_hp_loss":0,"event_name":"Cursed Tome","floor":21,"gold_loss":0},{"damage_healed":0,"gold_gain":99,"player_choice":"Stole From Cult","damage_taken":0,"max_hp_gain":0,"max_hp_loss":0,"event_name":"Nest","floor":24,"gold_loss":0},{"damage_healed":0,"gold_gain":0,"player_choice":"Cursed","damage_taken":0,"max_hp_gain":0,"max_hp_loss":0,"event_name":"Wheel of Change","floor":27,"gold_loss":0,"cards_obtained":["Decay"]},{"damage_healed":0,"gold_gain":0,"player_choice":"Paid","damage_taken":0,"relics_obtained":["Red Mask"],"max_hp_gain":0,"max_hp_loss":0,"event_name":"Tomb of Lord Red Mask","floor":37,"gold_loss":14},{"damage_healed":0,"gold_gain":0,"player_choice":"Embrace Madness","damage_taken":11,"max_hp_gain":0,"max_hp_loss":0,"event_name":"Winding Halls","floor":44,"gold_loss":0,"cards_obtained":["Madness","Madness"]}],"is_beta":false,"boss_relics":[{"not_picked":["Mark of Pain","Empty Cage"],"picked":"Sozu"},{"not_picked":["Runic Pyramid","Velvet Choker"],"picked":"Black Blood"}],"items_purged_floors":[19,31],"is_endless":false,"potions_floor_spawned":[1,8,10,13,30,33,38,46,47,48,54],"killed_by":"The Heart","ascension_level":6}