{"gold_per_floor":[116,41,58,74,91,91,108,136,163,163,24,24,34,64,64,167,217,233,243,243,243,193,193,213,213,240,252,252,270,270,298,298,393,393,404,314,330,340,340,340,143,175,175,175,186,97,97,47,47,47],"floor_reached":50,"playtime":3281,"items_purged":["Strike_R","Strike_R","Strike_R","Defend_R","Defend_R","Defend_R"],"score":734,"play_id":"3f8c691c-af04-4dc0-b3ba-a49e4641af54","local_time":"20200324163732","is_ascension_mode":true,"campfire_choices":[{"data":"Uppercut","floor":6,"key":"SMITH"},{"floor":10,"key":"REST"},{"data":"Clothesline","floor":12,"key":"SMITH"},{"data":"Rampage","floor":15,"key":"SMITH"},{"data":"Flex","floor":23,"key":"SMITH"},{"floor":25,"key":"REST"},{"data":"Limit Break","floor":32,"key":"SMITH"},{"floor":40,"key":"REST"},{"floor":44,"key":"RECALL"},{"data":"Metamorphosis","floor":47,"key":"SMITH"},{"data":"Inflame","floor":49,"key":"SMITH"}],"neow_cost":"PERCENT_DAMAGE","seed_source_timestamp":230221028896100,"circlet_count":0,"master_deck":["Bash","Clothesline+1","Uppercut+1","Twin Strike","Flame Barrier+1","Flex+1","Twin Strike+1","Rampage+1","Limit Break+1","Battle Trance","Ghostly Armor","Ghostly Armor+1","Twin Strike+1","Cleave","Heavy Blade+1","Iron Wave+1","Sword Boomerang+1","Metamorphosis+1","Heavy Blade+1","Iron Wave+1","Inflame+1"],"relics":["Burning Blood","Bag of Marbles","Smiling Mask","Tiny House","Enchiridion","Nunchaku","Vajra","Regal Pillow","Mark of Pain","Lee\u0027s Waffle","Paper Frog","HornCleat"],"potions_floor_usage":[8,8,16,24,31,33,38,50,50],"damage_taken":[{"damage":7,"enemies":"Small Slimes","floor":1,"turns":4},{"damage":5,"enemies":"Jaw Worm","floor":3,"turns":4},{"damage":3,"enemies":"Cultist","floor":4,"turns":4},{"damage":14,"enemies":"Gremlin Gang","floor":5,"turns":7},{"damage":13,"enemies":"Blue Slaver","floor":7,"turns":4},{"damage":21,"enemies":"Lagavulin","floor":8,"turns":8},{"damage":2,"enemies":"3 Louse","floor":13,"turns":5},{"damage":13,"enemies":"Gremlin Nob","floor":14,"turns":4},{"damage":32,"enemies":"The Guardian","floor":16,"turns":11},{"damage":0,"enemies":"3 Byrds","floor":18,"turns":1},{"damage":15,"enemies":"Chosen","floor":19,"turns":5},{"damage":22,"enemies":"Centurion and Healer","floor":24,"turns":5},{"damage":3,"enemies":"Snecko","floor":27,"turns":5},{"damage":16,"enemies":"Cultist and Chosen","floor":29,"turns":6},{"damage":13,"enemies":"Gremlin Leader","floor":31,"turns":8},{"damage":23,"enemies":"Champ","floor":33,"turns":9},{"damage":8,"enemies":"3 Shapes","floor":35,"turns":3},{"damage":19,"enemies":"3 Darklings","floor":37,"turns":4},{"damage":23,"enemies":"Transient","floor":38,"turns":5},{"damage":2,"enemies":"Giant Head","floor":42,"turns":5},{"damage":0,"enemies":"Spire Growth","floor":45,"turns":3},{"damage":101,"enemies":"Donu and Deca","floor":50,"turns":7}],"seed_played":"-2923961517066977061","potions_obtained":[{"floor":4,"key":"BloodPotion"},{"floor":5,"key":"ColorlessPotion"},{"floor":7,"key":"Block Potion"},{"floor":13,"key":"Dexterity Potion"},{"floor":14,"key":"Regen Potion"},{"floor":17,"key":"ColorlessPotion"},{"floor":24,"key":"LiquidMemories"},{"floor":33,"key":"SkillPotion"},{"floor":38,"key":"Dexterity Potion"},{"floor":42,"key":"Block Potion"}],"is_trial":false,"path_per_floor":["M","$","M","M","M","R","M","E","T","R","$","R","M","E","R","B",null,"M","M","?","T","$","R","M","R","T","M","?","M","?","E","R","B",null,"M","?","M","M","?","R","$","E","T","R","M","$","R","$","R","B"],"character_chosen":"IRONCLAD","items_purchased":["Rampage","Lee\u0027s Waffle","Inflame"],"campfire_rested":3,"item_purchase_floors":[11,41,46],"current_hp_per_floor":[50,50,51,54,46,46,39,24,24,48,48,48,52,45,45,35,74,80,71,55,55,55,55,39,64,64,67,51,41,41,49,49,32,76,74,74,61,44,44,86,97,97,97,97,97,97,97,97,97,0],"gold":47,"neow_bonus":"REMOVE_TWO","is_prod":false,"is_daily":false,"chose_seed":false,"campfire_upgraded":7,"win_rate":0,"timestamp":1585046252,"path_taken":["M","$","M","M","M","R","M","E","T","R","$","R","M","E","R","BOSS","M","M","?","?","$","R","?","R","T","?","?","M","?","E","R","BOSS","M","?","?","M","?","R","?","E","T","R","M","$","R","$","R","BOSS"],"build_version":"2020-01-27","purchased_purges":6,"victory":false,"max_hp_per_floor":[80,80,80,80,80,80,80,80,80,80,80,80,80,80,80,80,85,85,85,85,85,85,85,85,85,85,85,90,90,90,90,90,90,90,90,90,90,90,90,90,97,97,97,97,97,97,97,97,97,97],"card_choices":[{"not_picked":["Warcry","Armaments"],"picked":"Clothesline","floor":1},{"not_picked":["Flex","Dual Wield"],"picked":"Uppercut","floor":3},{"not_picked":["Rupture","Clash"],"picked":"Twin Strike","floor":4},{"not_picked":["Havoc","Heavy Blade"],"picked":"Flame Barrier","floor":5},{"not_picked":["Infernal Blade","True Grit"],"picked":"Flex","floor":7},{"not_picked":["Juggernaut","Blood for Blood"],"picked":"Twin Strike","floor":8},{"not_picked":["Uppercut","Clash","Headbutt"],"picked":"SKIP","floor":13},{"not_picked":["Clothesline","Second Wind","Fiend Fire"],"picked":"SKIP","floor":14},{"not_picked":["Brutality","Reaper"],"picked":"Limit Break","floor":16},{"not_picked":["Clash","Armaments"],"picked":"Battle Trance","floor":17},{"not_picked":["Anger+1","Battle Trance"],"picked":"Ghostly Armor","floor":18},{"not_picked":["Hemokinesis","Sever Soul","Thunderclap"],"picked":"SKIP","floor":19},{"not_picked":["Clash+1","Clothesline+1"],"picked":"Ghostly Armor+1","floor":24},{"not_picked":["Pommel Strike","Anger","Thunderclap"],"picked":"SKIP","floor":27},{"not_picked":["Warcry+1","Barricade"],"picked":"Twin Strike+1","floor":29},{"not_picked":["Anger+1","Second Wind"],"picked":"Cleave","floor":31},{"not_picked":["Havoc","Dropkick"],"picked":"Heavy Blade+1","floor":35},{"not_picked":["Anger+1","Infernal Blade+1"],"picked":"Iron Wave+1","floor":37},{"not_picked":["Clothesline+1","Iron Wave+1"],"picked":"Sword Boomerang+1","floor":38},{"not_picked":["Apotheosis","PanicButton"],"picked":"Metamorphosis","floor":39},{"not_picked":["Battle Trance+1","Anger+1"],"picked":"Heavy Blade+1","floor":42},{"not_picked":["Perfected Strike+1","Sword Boomerang+1"],"picked":"Iron Wave+1","floor":45}],"player_experience":484636,"relics_obtained":[{"floor":8,"key":"Bag of Marbles"},{"floor":14,"key":"Smiling Mask"},{"floor":20,"key":"Enchiridion"},{"floor":21,"key":"Nunchaku"},{"floor":26,"key":"Vajra"},{"floor":31,"key":"Regal Pillow"},{"floor":42,"key":"Paper Frog"},{"floor":43,"key":"HornCleat"}],"event_choices":[{"damage_healed":0,"gold_gain":0,"player_choice":"Obtained Book","damage_taken":16,"max_hp_gain":0,"max_hp_loss":0,"event_name":"Cursed Tome","floor":20,"gold_loss":0},{"damage_healed":0,"gold_gain":0,"player_choice":"Shed Blood","damage_taken":21,"max_hp_gain":5,"max_hp_loss":0,"event_name":"Forgotten Altar","floor":28,"gold_loss":0},{"damage_healed":0,"gold_gain":0,"player_choice":"Ignored","damage_taken":0,"max_hp_gain":0,"max_hp_loss":0,"event_name":"Vampires","floor":30,"gold_loss":0},{"cards_removed":["Strike_R"],"damage_healed":0,"gold_gain":0,"player_choice":"Upgrade and Remove","damage_taken":0,"max_hp_gain":0,"max_hp_loss":0,"event_name":"Designer","floor":36,"gold_loss":90,"cards_upgraded":["Twin Strike"]},{"damage_healed":0,"gold_gain":0,"player_choice":"Memory 1","damage_taken":0,"max_hp_gain":0,"max_hp_loss":0,"event_name":"SensoryStone","floor":39,"gold_loss":0}],"is_beta":false,"boss_relics":[{"not_picked":["Black Star","Pandora\u0027s Box"],"picked":"Tiny House"},{"not_picked":["Calling Bell","Busted Crown"],"picked":"Mark of Pain"}],"items_purged_floors":[2,11,22,41,46,48],"is_endless":false,"potions_floor_spawned":[4,5,7,13,14,19,24,27,33,38,42],"killed_by":"Donu and Deca","ascension_level":7}